<?xml version="1.0" encoding="UTF-8"?><collection xmlns="http://www.loc.gov/MARC21/slim"><record><leader>00514nam--2200193-i-4500</leader><controlfield tag="001">000009114</controlfield><controlfield tag="002">20161230</controlfield><controlfield tag="005">20161230201028</controlfield><controlfield tag="008">060222s1000------------r-----000-0-fre-d</controlfield><datafield ind1=" " ind2=" " tag="040"><subfield code="a">IFIN-HH</subfield></datafield><datafield ind1=" " ind2=" " tag="041"><subfield code="a">fre</subfield></datafield><datafield ind1=" " ind2=" " tag="080"><subfield code="a">539</subfield></datafield><datafield ind1="1" ind2=" " tag="100"><subfield code="a">Vuccino, Simone</subfield></datafield><datafield ind1="1" ind2="0" tag="245"><subfield code="a">Metrologie des radionuclides. dosimetrie</subfield><subfield code="c">Simone vuccino, sophie claes</subfield></datafield><datafield ind1=" " ind2=" " tag="260"><subfield code="a">Reims</subfield><subfield code="b">Editions Matot-braine</subfield><subfield code="c">1968</subfield></datafield><datafield ind1=" " ind2=" " tag="300"><subfield code="a">101 P</subfield></datafield><datafield ind1="1" ind2=" " tag="700"><subfield code="a">Claes, Sophie</subfield></datafield><datafield ind1=" " ind2=" " tag="852"><subfield code="a">31768</subfield><subfield code="c">539.1.07:539.1.08</subfield></datafield><datafield ind1=" " ind2=" " tag="CAT"><subfield code="a">Sys</subfield><subfield code="c">20111021</subfield><subfield code="h">142050</subfield></datafield></record></collection>